@article{deng2014deep,
  title={Deep learning: methods and applications},
  author={Deng, Li and Yu, Dong and others},
  journal={Foundations and Trends{\textregistered} in Signal Processing},
  volume={7},
  number={3--4},
  pages={197--387},
  year={2014},
  publisher={Now Publishers, Inc.}
}

@inproceedings{zhang2015cross,
  title={Cross-scene crowd counting via deep convolutional neural networks},
  author={Zhang, Cong and Li, Hongsheng and Wang, Xiaogang and Yang, Xiaokang},
  booktitle={Proceedings of the IEEE Conference on Computer Vision and Pattern Recognition},
  pages={833--841},
  year={2015}
}

@inproceedings{brostow2006unsupervised,
  title={Unsupervised bayesian detection of independent motion in crowds},
  author={Brostow, Gabriel J and Cipolla, Roberto},
  booktitle={Computer Vision and Pattern Recognition, 2006 IEEE Computer Society Conference on},
  volume={1},
  pages={594--601},
  year={2006},
  organization={IEEE}
}

@article{Rabaud2006CountingCM,
  title={Counting Crowded Moving Objects},
  author={Vincent Rabaud and Serge J. Belongie},
  journal={2006 IEEE Computer Society Conference on Computer Vision and Pattern Recognition (CVPR'06)},
  year={2006},
  volume={1},
  pages={705-711}
}

@article{tu2008unified,
  title={Unified crowd segmentation},
  author={Tu, Peter and Sebastian, Thomas and Doretto, Gianfranco and Krahnstoever, Nils and Rittscher, Jens and Yu, Ting},
  journal={Computer Vision--ECCV 2008},
  pages={691--704},
  year={2008},
  publisher={Springer}
}

@inproceedings{lempitsky2010learning,
  title={Learning to count objects in images},
  author={Lempitsky, Victor and Zisserman, Andrew},
  booktitle={Advances in Neural Information Processing Systems},
  pages={1324--1332},
  year={2010}
}

@inproceedings{dalal2005histograms,
  title={Histograms of oriented gradients for human detection},
  author={Dalal, Navneet and Triggs, Bill},
  booktitle={Computer Vision and Pattern Recognition, 2005. CVPR 2005. IEEE Computer Society Conference on},
  volume={1},
  pages={886--893},
  year={2005},
  organization={IEEE}
}

@inproceedings{arteta2014interactive,
  title={Interactive object counting},
  author={Arteta, Carlos and Lempitsky, Victor and Noble, J Alison and Zisserman, Andrew},
  booktitle={European Conference on Computer Vision},
  pages={504--518},
  year={2014},
  organization={Springer}
}

@inproceedings{chan2008privacy,
  title={Privacy preserving crowd monitoring: Counting people without people models or tracking},
  author={Chan, Antoni B and Liang, Zhang-Sheng John and Vasconcelos, Nuno},
  booktitle={Computer Vision and Pattern Recognition, 2008. CVPR 2008. IEEE Conference on},
  pages={1--7},
  year={2008},
  organization={IEEE}
}

@article{felzenszwalb2010object,
  title={Object detection with discriminatively trained part-based models},
  author={Felzenszwalb, Pedro F and Girshick, Ross B and McAllester, David and Ramanan, Deva},
  journal={IEEE transactions on pattern analysis and machine intelligence},
  volume={32},
  number={9},
  pages={1627--1645},
  year={2010},
  publisher={IEEE}
}

@inproceedings{idrees2013multi,
  title={Multi-source multi-scale counting in extremely dense crowd images},
  author={Idrees, Haroon and Saleemi, Imran and Seibert, Cody and Shah, Mubarak},
  booktitle={Proceedings of the IEEE Conference on Computer Vision and Pattern Recognition},
  pages={2547--2554},
  year={2013}
}

@incollection{loy2013crowd,
  title={Crowd counting and profiling: Methodology and evaluation},
  author={Loy, Chen Change and Chen, Ke and Gong, Shaogang and Xiang, Tao},
  booktitle={Modeling, Simulation and Visual Analysis of Crowds},
  pages={347--382},
  year={2013},
  publisher={Springer}
}

@inproceedings{fiaschi2012learning,
  title={Learning to count with regression forest and structured labels},
  author={Fiaschi, Luca and Koethe, Ullrich and Nair, Rahul and Hamprecht, Fred A},
  booktitle={Pattern Recognition (ICPR), 2012 21st International Conference on},
  pages={2685--2688},
  year={2012},
  organization={IEEE}
}

@inproceedings{guerrero2015extremely,
  title={Extremely overlapping vehicle counting},
  author={Guerrero-G{\'o}mez-Olmedo, Ricardo and Torre-Jim{\'e}nez, Beatriz and L{\'o}pez-Sastre, Roberto and Maldonado-Basc{\'o}n, Saturnino and O{\~n}oro-Rubio, Daniel},
  booktitle={Iberian Conference on Pattern Recognition and Image Analysis},
  pages={423--431},
  year={2015},
  organization={Springer}
}

@inproceedings{chen2015person,
  title={Person count localization in videos from noisy foreground and detections},
  author={Chen, Sheng and Fern, Alan and Todorovic, Sinisa},
  booktitle={Proceedings of the IEEE Conference on Computer Vision and Pattern Recognition},
  pages={1364--1372},
  year={2015}
}

@inproceedings{leibe2005pedestrian,
  title={Pedestrian detection in crowded scenes},
  author={Leibe, Bastian and Seemann, Edgar and Schiele, Bernt},
  booktitle={Computer Vision and Pattern Recognition, 2005. CVPR 2005. IEEE Computer Society Conference on},
  volume={1},
  pages={878--885},
  year={2005},
  organization={IEEE}
}

@inproceedings{li2008estimating,
  title={Estimating the number of people in crowded scenes by mid based foreground segmentation and head-shoulder detection},
  author={Li, Min and Zhang, Zhaoxiang and Huang, Kaiqi and Tan, Tieniu},
  booktitle={Pattern Recognition, 2008. ICPR 2008. 19th International Conference on},
  pages={1--4},
  year={2008},
  organization={IEEE}
}

@inproceedings{patzold2010counting,
  title={Counting people in crowded environments by fusion of shape and motion information},
  author={Patzold, Michael and Evangelio, Rub{\'e}n Heras and Sikora, Thomas},
  booktitle={Advanced Video and Signal Based Surveillance (AVSS), 2010 Seventh IEEE International Conference on},
  pages={157--164},
  year={2010},
  organization={IEEE}
}

@article{viola2004robust,
  title={Robust real-time face detection},
  author={Viola, Paul and Jones, Michael J},
  journal={International journal of computer vision},
  volume={57},
  number={2},
  pages={137--154},
  year={2004},
  publisher={Springer}
}

@inproceedings{wang2011automatic,
  title={Automatic adaptation of a generic pedestrian detector to a specific traffic scene},
  author={Wang, Meng and Wang, Xiaogang},
  booktitle={Computer Vision and Pattern Recognition (CVPR), 2011 IEEE Conference on},
  pages={3401--3408},
  year={2011},
  organization={IEEE}
}

@inproceedings{rabaud2006counting,
  title={Counting crowded moving objects},
  author={Rabaud, Vincent and Belongie, Serge},
  booktitle={Computer Vision and Pattern Recognition, 2006 IEEE Computer Society Conference on},
  volume={1},
  pages={705--711},
  year={2006},
  organization={IEEE}
}

@inproceedings{wang2011automatic,
  title={Automatic adaptation of a generic pedestrian detector to a specific traffic scene},
  author={Wang, Meng and Wang, Xiaogang},
  booktitle={Computer Vision and Pattern Recognition (CVPR), 2011 IEEE Conference on},
  pages={3401--3408},
  year={2011},
  organization={IEEE}
}

@article{tu2008unified,
  title={Unified crowd segmentation},
  author={Tu, Peter and Sebastian, Thomas and Doretto, Gianfranco and Krahnstoever, Nils and Rittscher, Jens and Yu, Ting},
  journal={Computer Vision--ECCV 2008},
  pages={691--704},
  year={2008},
  publisher={Springer}
}

@inproceedings{rodriguez2011density,
  title={Density-aware person detection and tracking in crowds},
  author={Rodriguez, Mikel and Laptev, Ivan and Sivic, Josef and Audibert, Jean-Yves},
  booktitle={Computer Vision (ICCV), 2011 IEEE International Conference on},
  pages={2423--2430},
  year={2011},
  organization={IEEE}
}

@inproceedings{pham2015count,
  title={COUNT forest: CO-voting uncertain number of targets using random forest for crowd density estimation},
  author={Pham, Viet-Quoc and Kozakaya, Tatsuo and Yamaguchi, Osamu and Okada, Ryuzo},
  booktitle={Proceedings of the IEEE International Conference on Computer Vision},
  pages={3253--3261},
  year={2015}
}

@inproceedings{zhang2016single,
  title={Single-image crowd counting via multi-column convolutional neural network},
  author={Zhang, Yingying and Zhou, Desen and Chen, Siqin and Gao, Shenghua and Ma, Yi},
  booktitle={Proceedings of the IEEE Conference on Computer Vision and Pattern Recognition},
  pages={589--597},
  year={2016}
}

@inproceedings{long2015fully,
  title={Fully convolutional networks for semantic segmentation},
  author={Long, Jonathan and Shelhamer, Evan and Darrell, Trevor},
  booktitle={Proceedings of the IEEE Conference on Computer Vision and Pattern Recognition},
  pages={3431--3440},
  year={2015}
}
@inproceedings{jia2014caffe,
  title={Caffe: Convolutional architecture for fast feature embedding},
  author={Jia, Yangqing and Shelhamer, Evan and Donahue, Jeff and Karayev, Sergey and Long, Jonathan and Girshick, Ross and Guadarrama, Sergio and Darrell, Trevor},
  booktitle={Proceedings of the 22nd ACM international conference on Multimedia},
  pages={675--678},
  year={2014},
  organization={ACM}
}

@inproceedings{li2015visual,
  title={Visual saliency based on multiscale deep features},
  author={Li, Guanbin and Yu, Yizhou},
  booktitle={Proceedings of the IEEE Conference on Computer Vision and Pattern Recognition},
  pages={5455--5463},
  year={2015}
}

@inproceedings{ryan2009crowd,
  title={Crowd counting using multiple local features},
  author={Ryan, David and Denman, Simon and Fookes, Clinton and Sridharan, Sridha},
  booktitle={Digital Image Computing: Techniques and Applications, 2009. DICTA'09.},
  pages={81--88},
  year={2009},
  organization={IEEE}
}

@inproceedings{onoro2016towards,
  title={Towards perspective-free object counting with deep learning},
  author={Onoro-Rubio, Daniel and L{\'o}pez-Sastre, Roberto J},
  booktitle={European Conference on Computer Vision},
  pages={615--629},
  year={2016},
  organization={Springer}
}

@article{davies1995crowd,
  title={Crowd monitoring using image processing},
  author={Davies, Anthony C and Yin, Jia Hong and Velastin, Sergio A},
  journal={Electronics \& Communication Engineering Journal},
  volume={7},
  number={1},
  pages={37--47},
  year={1995},
  publisher={IET}
}
